%% This BibTeX bibliography file was created using BibDesk.
%% http://bibdesk.sourceforge.net/


%% Created for Kartik Vedalaveni at 2013-06-03 10:39:17 +0530 


%% Saved with string encoding Unicode (UTF-8) 



@misc{slurm,
	Author = {LLNL},
	Date-Added = {2013-06-01 09:49:53 +0000},
	Date-Modified = {2013-06-03 05:09:17 +0000},
	Keywords = {Slurm, scheduler, documentation},
	Lastchecked = {05/01/2013},
	Title = {Slurm Reference},
	Url = {https://computing.llnl.gov/linux/slurm/},
	Bdsk-Url-1 = {https://computing.llnl.gov/linux/slurm/}}

@article{flocking,
	Author = {Epema, D.H.J. and Livny, M. and van Dantzig, R. and Evers, X. and Pruyne, J.},
	Date-Added = {2013-06-01 09:46:52 +0000},
	Date-Modified = {2013-06-01 09:47:51 +0000},
	Issn = {0167-739X},
	Journal = {Future Generation Computer Systems},
	Number = {1},
	Pages = {53--65},
	Publisher = {Elsevier},
	Title = {{A worldwide flock of Condors: Load sharing among workstation clusters}},
	Volume = {12},
	Year = {1996}}

@conference{glideinwms,
	Author = {Zvada, M. and Benjamin, D. and Sfiligoi, I.},
	Booktitle = {Journal of Physics: Conference Series},
	Date-Added = {2013-06-01 09:46:52 +0000},
	Date-Modified = {2013-06-01 09:48:00 +0000},
	Organization = {IOP Publishing},
	Pages = {062031},
	Title = {{CDF GlideinWMS usage in Grid computing of high energy physics}},
	Volume = {219},
	Year = {2010}}

@misc{pbstorque,
	Author = {Cluster Resources Inc},
	Date-Added = {2013-06-01 09:46:52 +0000},
	Date-Modified = {2013-06-01 09:46:52 +0000},
	Month = {Jaunary},
	Note = {\url{http://www.clusterresources.com/pages/products/torque-resource-manager.php}},
	Title = {{Cluster resources :: Products - TORQUE Resource Manager:}},
	Year = {2011}}

@article{frey2002condor,
	Author = {Frey, J. and Tannenbaum, T. and Livny, M. and Foster, I. and Tuecke, S.},
	Date-Added = {2013-06-01 09:46:52 +0000},
	Date-Modified = {2013-06-01 09:46:52 +0000},
	Issn = {1386-7857},
	Journal = {Cluster Computing},
	Number = {3},
	Pages = {237--246},
	Publisher = {Springer},
	Title = {{Condor-G: A computation management agent for multi-institutional grids}},
	Volume = {5},
	Year = {2002}}

@article{distributed,
	Author = {Thain, D. and Tannenbaum, T. and Livny, M.},
	Date-Added = {2013-06-01 09:46:52 +0000},
	Date-Modified = {2013-06-01 09:48:38 +0000},
	Issn = {1532-0634},
	Journal = {Concurrency and Computation: Practice and Experience},
	Number = {2-4},
	Pages = {323--356},
	Publisher = {Wiley Online Library},
	Title = {{Distributed computing in practice: The Condor experience}},
	Volume = {17},
	Year = {2005}}

@conference{glideinwms1,
	Author = {Sfiligoi, I.},
	Booktitle = {Journal of Physics: Conference Series},
	Date-Added = {2013-06-01 09:46:52 +0000},
	Date-Modified = {2013-06-01 09:48:49 +0000},
	Organization = {IOP Publishing},
	Pages = {062044},
	Title = {{glideinWMS--a generic pilot-based workload management system}},
	Volume = {119},
	Year = {2008}}

@article{globus,
	Author = {Foster, I. and Kesselman, C.},
	Date-Added = {2013-06-01 09:46:52 +0000},
	Date-Modified = {2013-06-01 09:49:03 +0000},
	Issn = {1094-3420},
	Journal = {International Journal of High Performance Computing Applications},
	Number = {2},
	Pages = {115},
	Publisher = {SAGE Publications},
	Title = {{Globus: A metacomputing infrastructure toolkit}},
	Volume = {11},
	Year = {1997}}

@incollection{htc,
	Author = {Miron Livny and Rajesh Raman},
	Booktitle = {The Grid: Blueprint for a New Computing Infrastructure},
	Date-Added = {2013-06-01 09:46:52 +0000},
	Date-Modified = {2013-06-01 09:49:42 +0000},
	Editor = {Ian Foster and Carl Kesselman},
	Publisher = {Morgan Kaufmann},
	Title = {High-throughput resource management},
	Year = {1998}}

@misc{hccwebsite,
	Author = {\mbox{Holland Computing Center}},
	Date-Added = {2013-06-01 09:46:52 +0000},
	Date-Modified = {2013-06-01 09:46:52 +0000},
	Month = {January},
	Note = {\url{http://hcc.unl.edu/}},
	Title = {Holland Computing Center},
	Year = {2011}}

@conference{osg,
	Author = {Pordes, R. and Petravick, D. and Kramer, B. and Olson, D. and Livny, M. and Roy, A. and Avery, P. and Blackburn, K. and Wenaus, T. and others},
	Booktitle = {Journal of Physics: Conference Series},
	Date-Added = {2013-06-01 09:46:52 +0000},
	Date-Modified = {2013-06-01 09:49:34 +0000},
	Organization = {IOP Publishing},
	Pages = {012057},
	Title = {{The Open Science Grid}},
	Volume = {78},
	Year = {2007}}

@webpage{manual56,
	Date-Added = {2013-04-16 09:42:41 +0000},
	Date-Modified = {2013-04-16 12:10:50 +0000},
	Keywords = {condor, condor job router},
	Organization = {University Of Wisconsin-Madison},
	Read = {1},
	Title = {Condor Manual, Section 5.6},
	Url = {http://research.cs.wisc.edu/htcondor/manual/v7.7/5_6Condor_Job.html},
	Bdsk-Url-1 = {http://research.cs.wisc.edu/htcondor/manual/v7.7/5_6Condor_Job.html}}
